@article{hayward2016complex,
  title={Complex disease and phenotype mapping in the domestic dog},
  author={Hayward, Jessica J and Castelhano, Marta G and Oliveira, Kyle C and Corey, Elizabeth and Balkman, Cheryl and Baxter, Tara L and Casal, Margret L and Center, Sharon A and Fang, Meiying and Garrison, Susan J and others},
  journal={Nature communications},
  volume={7},
  pages={10460},
  year={2016},
  publisher={Nature Publishing Group}
}
